<?xml version="1.0" encoding="utf-8" standalone="no"?>
<!DOCTYPE Archive SYSTEM "http://greenstone.org/dtd/Archive/1.0/Archive.dtd">
<Archive>
<Section>
  <Description>
    <Metadata name="gsdlsourcefilename">import\marc\locbeatles50.marc</Metadata>
    <Metadata name="gsdldoctype">indexed_doc</Metadata>
    <Metadata name="Language">en</Metadata>
    <Metadata name="Encoding">iso_8859_1</Metadata>
    <Metadata name="Source">locbeatles50.marc</Metadata>
    <Metadata name="SourceFile">locbeatles50.marc</Metadata>
    <Metadata name="SourceSegment">30</Metadata>
    <Metadata name="Plugin">MARCPlugin</Metadata>
    <Metadata name="dc.Format">MARC</Metadata>
    <Metadata name="FileFormat">MARC</Metadata>
    <Metadata name="dc.Title">Get back session &amp;#091;sound recording&amp;#093;.</Metadata>
    <Metadata name="dc.Publisher">&amp;#091;United States?&amp;#093; :</Metadata>
    <Metadata name="dc.Publisher">More,</Metadata>
    <Metadata name="dc.Date">&amp;#091;196-?&amp;#093;</Metadata>
    <Metadata name="dc.Description">Brief record.</Metadata>
    <Metadata name="dc.Description">Maxwell's silver hammer -- Besame mucho -- Two of us -- One after 909 -- Shake, rattle &amp; roll -- Get back -- Dig a pony -- Whole lotta shakin' -- Suzie parker -- I me mine -- Dig a pony -- Paul raps -- Let it be.</Metadata>
    <Metadata name="dc.Description">The Beatles, vocal and instrumental ensemble.</Metadata>
    <Metadata name="dc.Subject">Rock music To 1961.</Metadata>
    <Metadata name="dc.Subject">Rock music 1961-1970.</Metadata>
    <Metadata name="dc.Creator">Beatles. prf</Metadata>
    <Metadata name="Identifier">HASH6f7737a884fe1d1c2b476fs30</Metadata>
    <Metadata name="lastmodified">1505406176</Metadata>
    <Metadata name="lastmodifieddate">20170914</Metadata>
    <Metadata name="oailastmodified">1545014472</Metadata>
    <Metadata name="oailastmodifieddate">20181217</Metadata>
    <Metadata name="assocfilepath">HASH6f77/37a884fe/1d1c2b47/6fs30.dir</Metadata>
  </Description>
  <Content>&lt;pre&gt;
 LDR 01093cjm  22003137a 4500
001     5726097
005     19970702113207.9
007     sdubumennmpluu
008     950106q19601969xxuuun              eng  
035    _9 (DLC)   94767779
906    _a 7
       _b cbc
       _c orignew
       _d 3
       _e ncip
       _f 19
       _g y-genmusic
955    _a vk15
010    _a    94767779 
028 00 _a 4347B
       _b More
035    _a (OCoLC)31773455 
040    _a DLC
       _c DLC
       _d DLC
050 00 _a More 4347B
245 00 _a Get back session
       _h [sound recording].
260    _a [United States?] :
       _b More,
       _c [196-?]
300    _a 1 sound disc :
       _b analog, 33 1/3 rpm ;
       _c 12 in.
511 0  _a The Beatles, vocal and instrumental ensemble.
505 0  _a Maxwell's silver hammer -- Besame mucho -- Two of us --
 One after 909 -- Shake, rattle &amp; roll -- Get back -- Dig a pony
 -- Whole lotta shakin' -- Suzie parker -- I me mine -- Dig a
 pony -- Paul raps -- Let it be.
500    _a Brief record.
650  0 _a Rock music
       _y To 1961.
650  0 _a Rock music
       _y 1961-1970.
710 2  _a Beatles.
       _4 prf
953    _a TA28
985    _a 9501
991    _b c-RecSound
       _h More 4347B
       _w MUSIC
&lt;/pre&gt;
</Content>
</Section>
</Archive>
